<?xml version="1.0" encoding="UTF-8"?>
<record>
  <leader>02074nam#a2200553#c#4500</leader>
  <controlfield tag="005">20211220162500.0</controlfield>
  <controlfield tag="007">tu</controlfield>
  <controlfield tag="008">211108|2021####gw############|||#|#ger#c</controlfield>
  <controlfield tag="003">DE-605</controlfield>
  <controlfield tag="001">99371050452706441</controlfield>
  <datafield tag="015" ind1=" " ind2=" ">
    <subfield code="a">21,N41</subfield>
    <subfield code="2">dnb</subfield>
  </datafield>
  <datafield tag="016" ind1="7" ind2=" ">
    <subfield code="a">1242883525</subfield>
    <subfield code="2">DE-101b</subfield>
  </datafield>
  <datafield tag="020" ind1=" " ind2=" ">
    <subfield code="a">9783754906675</subfield>
    <subfield code="c">: EUR 6.99 (DE), EUR 6.99 (AT)</subfield>
    <subfield code="9">978-3-7549-0667-5</subfield>
  </datafield>
  <datafield tag="020" ind1=" " ind2=" ">
    <subfield code="a">3754906674</subfield>
    <subfield code="9">3-7549-0667-4</subfield>
  </datafield>
  <datafield tag="024" ind1="3" ind2=" ">
    <subfield code="a">9783754906675</subfield>
  </datafield>
  <datafield tag="035" ind1=" " ind2=" ">
    <subfield code="a">(DE-605)HT021137663</subfield>
  </datafield>
  <datafield tag="040" ind1=" " ind2=" ">
    <subfield code="c">DE-605</subfield>
    <subfield code="a">6</subfield>
    <subfield code="b">ger</subfield>
    <subfield code="d">6</subfield>
    <subfield code="e">rda</subfield>
    <subfield code="d">DE-605</subfield>
  </datafield>
  <datafield tag="041" ind1=" " ind2=" ">
    <subfield code="a">ger</subfield>
  </datafield>
  <datafield tag="044" ind1=" " ind2=" ">
    <subfield code="c">XA-DE-BE</subfield>
  </datafield>
  <datafield tag="084" ind1=" " ind2=" ">
    <subfield code="a">340</subfield>
    <subfield code="q">DE-101</subfield>
    <subfield code="2">sdnb</subfield>
  </datafield>
  <datafield tag="084" ind1=" " ind2=" ">
    <subfield code="a">Nordrhein-Westfalen</subfield>
    <subfield code="0">https://nwbib.de/spatial#N01</subfield>
    <subfield code="2">nwbib</subfield>
  </datafield>
  <datafield tag="084" ind1=" " ind2=" ">
    <subfield code="a">Naturschutz. Landschaftspflege</subfield>
    <subfield code="0">https://nwbib.de/subjects#N584000</subfield>
    <subfield code="2">nwbib</subfield>
  </datafield>
  <datafield tag="245" ind1="0" ind2="0">
    <subfield code="a">Landesnaturschutzgesetz Nordrhein-Westfalen (LNatSchG NRW)</subfield>
    <subfield code="b">Gesetz zum Schutz der Natur in Nordrhein-Westfalen</subfield>
    <subfield code="c">verantwortlich für den Inhalt: Ronny Studier</subfield>
  </datafield>
  <datafield tag="264" ind1=" " ind2="1">
    <subfield code="a">Berlin</subfield>
    <subfield code="b">RS Publishing</subfield>
    <subfield code="c">2021</subfield>
  </datafield>
  <datafield tag="300" ind1=" " ind2=" ">
    <subfield code="a">83 Seiten</subfield>
    <subfield code="c">19 cm x 12.5 cm, 111 g</subfield>
  </datafield>
  <datafield tag="336" ind1=" " ind2=" ">
    <subfield code="b">txt</subfield>
  </datafield>
  <datafield tag="337" ind1=" " ind2=" ">
    <subfield code="b">n</subfield>
  </datafield>
  <datafield tag="338" ind1=" " ind2=" ">
    <subfield code="b">nc</subfield>
  </datafield>
  <datafield tag="490" ind1="0" ind2=" ">
    <subfield code="a">Landesrecht Nordrhein-Westfalen</subfield>
  </datafield>
  <datafield tag="490" ind1="0" ind2=" ">
    <subfield code="a">Gesetzestexte</subfield>
  </datafield>
  <datafield tag="689" ind1="0" ind2="0">
    <subfield code="a">Nordrhein-Westfalen</subfield>
    <subfield code="t">Landesnaturschutzgesetz</subfield>
    <subfield code="D">b</subfield>
    <subfield code="0">(DE-588)1115809466</subfield>
    <subfield code="0">https://portal.dnb.de/opac.htm?method=simpleSearch&amp;cqlMode=true&amp;query=idn=1115809466</subfield>
    <subfield code="0">http://viaf.org/viaf/sourceID/DNB|1115809466</subfield>
    <subfield code="B">GND-1115809466</subfield>
  </datafield>
  <datafield tag="856" ind1="4" ind2="2">
    <subfield code="m">X:MVB</subfield>
    <subfield code="q">text/html</subfield>
    <subfield code="u">http://deposit.dnb.de/cgi-bin/dokserv?id=5f07f1078247432e99a170fc63aab53d&amp;prov=M&amp;dok_var=1&amp;dok_ext=htm</subfield>
    <subfield code="3">Inhaltstext</subfield>
  </datafield>
  <datafield tag="856" ind1="4" ind2="2">
    <subfield code="m">X:MVB</subfield>
    <subfield code="q">text/html</subfield>
    <subfield code="u">http://www.epubli.de/shop/isbn/9783754906675</subfield>
    <subfield code="3">Inhaltstext</subfield>
  </datafield>
  <datafield tag="856" ind1="4" ind2="2">
    <subfield code="m">X:MVB</subfield>
    <subfield code="u">http://www.epubli.de</subfield>
  </datafield>
  <datafield tag="856" ind1="4" ind2="2">
    <subfield code="m">X:MVB</subfield>
    <subfield code="u">http://www.epubli.de/shop/isbn/9783754906675</subfield>
  </datafield>
  <datafield tag="960" ind1="1" ind2=" ">
    <subfield code="n">NWBib-6</subfield>
  </datafield>
  <datafield tag="964" ind1="0" ind2="s">
    <subfield code="F">051</subfield>
    <subfield code="A">m|||||||</subfield>
  </datafield>
  <datafield tag="964" ind1="0" ind2="s">
    <subfield code="F">030</subfield>
    <subfield code="A">a||ur||||||37</subfield>
  </datafield>
  <datafield tag="964" ind1="0" ind2="s">
    <subfield code="F">050</subfield>
    <subfield code="A">a|a|||||||||||</subfield>
  </datafield>
  <datafield tag="035" ind1=" " ind2=" ">
    <subfield code="a">(DE-599)DNB1242883525</subfield>
  </datafield>
  <datafield tag="700" ind1="1" ind2=" ">
    <subfield code="a">Studier, Ronny</subfield>
    <subfield code="4">edt</subfield>
  </datafield>
  <datafield tag="710" ind1="2" ind2=" ">
    <subfield code="a">epubli GmbH</subfield>
    <subfield code="0">(DE-588)106492235X</subfield>
    <subfield code="4">pbl</subfield>
    <subfield code="0">https://portal.dnb.de/opac.htm?method=simpleSearch&amp;cqlMode=true&amp;query=idn=106492235X</subfield>
    <subfield code="0">http://viaf.org/viaf/sourceID/DNB|106492235X</subfield>
    <subfield code="B">GND-106492235X</subfield>
  </datafield>
  <datafield tag="653" ind1=" " ind2=" ">
    <subfield code="a">Naturschutzgesetz NRW</subfield>
  </datafield>
  <datafield tag="653" ind1=" " ind2=" ">
    <subfield code="a">Landesnaturschutzgesetz NRW</subfield>
  </datafield>
  <datafield tag="653" ind1=" " ind2=" ">
    <subfield code="a">Naturschutz NRW</subfield>
  </datafield>
  <datafield tag="653" ind1=" " ind2=" ">
    <subfield code="a">Umweltrecht NRW</subfield>
  </datafield>
  <datafield tag="653" ind1=" " ind2=" ">
    <subfield code="a">Landesnaturschutzgesetz Nordrhein-Westfalen</subfield>
  </datafield>
  <datafield tag="653" ind1=" " ind2=" ">
    <subfield code="a">Umweltschutz NRW</subfield>
  </datafield>
  <datafield tag="653" ind1=" " ind2=" ">
    <subfield code="a">Artenschutz NRW</subfield>
  </datafield>
  <datafield tag="655" ind1=" " ind2="7">
    <subfield code="a">Quelle</subfield>
    <subfield code="0">(DE-588)4135952-5</subfield>
    <subfield code="2">gnd-content</subfield>
  </datafield>
  <datafield tag="MBD" ind1=" " ind2=" ">
    <subfield code="M">49HBZ_NETWORK</subfield>
    <subfield code="i">99371050452706441</subfield>
    <subfield code="n">HBZ Network</subfield>
  </datafield>
  <datafield tag="MBD" ind1=" " ind2=" ">
    <subfield code="M">49HBZ_ULM</subfield>
    <subfield code="i">991033094479706449</subfield>
    <subfield code="n">Universität Münster</subfield>
  </datafield>
  <datafield tag="MNG" ind1=" " ind2=" ">
    <subfield code="c">System</subfield>
    <subfield code="f">HBZ</subfield>
    <subfield code="i">marc21</subfield>
    <subfield code="h">20211220162500.0</subfield>
    <subfield code="k">01</subfield>
    <subfield code="e">false</subfield>
    <subfield code="d">2022-03-25 04:11:55 Europe/Berlin</subfield>
    <subfield code="g">HT021137663</subfield>
    <subfield code="j">60</subfield>
    <subfield code="a">System</subfield>
    <subfield code="b">2021-11-08 13:01:26 Europe/Berlin</subfield>
  </datafield>
  <datafield tag="H52" ind1="8" ind2=" ">
    <subfield code="b">ZB</subfield>
    <subfield code="c">ZB_FHM1</subfield>
    <subfield code="h">3L 28705</subfield>
    <subfield code="8">22596739040006449</subfield>
  </datafield>
  <datafield tag="HOL" ind1=" " ind2=" ">
    <subfield code="b">2022-07-11 12:57:25</subfield>
    <subfield code="8">22596739040006449</subfield>
    <subfield code="M">49HBZ_ULM</subfield>
    <subfield code="g">false</subfield>
    <subfield code="a">import</subfield>
  </datafield>
  <datafield tag="ITM" ind1=" " ind2=" ">
    <subfield code="H">22596739040006449</subfield>
    <subfield code="x">ZB_FHM1</subfield>
    <subfield code="f">BOOK</subfield>
    <subfield code="v">ZB_FHM1</subfield>
    <subfield code="X">AMO_TL2_FIX</subfield>
    <subfield code="U">2022-07-10 12:59:00 Europe/Berlin</subfield>
    <subfield code="Y">2022-07-12 13:10:54 Europe/Berlin</subfield>
    <subfield code="h">false</subfield>
    <subfield code="Q">SISIS-Ausleihzähler Migrationsjahr: 2 | SISIS-Ausleihzähler Vor-Migrationsjahr: 1 | SISIS-Ausleihzähler vorletztes Migrationsjahr: 0</subfield>
    <subfield code="M">49HBZ_ULM</subfield>
    <subfield code="s">1</subfield>
    <subfield code="d">8</subfield>
    <subfield code="V">import</subfield>
    <subfield code="b">6-00724192-9</subfield>
    <subfield code="O">Fernleihkonditionen: 0</subfield>
    <subfield code="a">23596739030006449</subfield>
    <subfield code="R">DBS-Systematik: 9</subfield>
    <subfield code="c">3L 28705</subfield>
    <subfield code="B">2021-7417</subfield>
    <subfield code="W">2022-07-11 14:57:25 Europe/Berlin</subfield>
    <subfield code="u">ZB</subfield>
    <subfield code="w">ZB</subfield>
  </datafield>
  <datafield tag="GKT" ind1="1" ind2=" ">
    <subfield code="a">Nordrhein-Westfalen</subfield>
    <subfield code="t">Gesetz zum Schutz der Natur in Nordrhein-Westfalen und zur Änderung anderer Vorschriften</subfield>
    <subfield code="A">GND</subfield>
    <subfield code="B">GND-1115809466</subfield>
    <subfield code="C">410</subfield>
  </datafield>
  <datafield tag="GKT" ind1="1" ind2=" ">
    <subfield code="a">Nordrhein-Westfalen</subfield>
    <subfield code="t">LNatSchG NRW</subfield>
    <subfield code="4">abku</subfield>
    <subfield code="4">http://d-nb.info/standards/elementset/gnd#abbreviatedNameForTheWork</subfield>
    <subfield code="w">r</subfield>
    <subfield code="i">Abkuerzung</subfield>
    <subfield code="A">GND</subfield>
    <subfield code="B">GND-1115809466</subfield>
    <subfield code="C">410</subfield>
  </datafield>
  <datafield tag="GSI" ind1="7" ind2=" ">
    <subfield code="a">http://d-nb.info/gnd/1115809466</subfield>
    <subfield code="2">uri</subfield>
    <subfield code="A">GND</subfield>
    <subfield code="B">GND-1115809466</subfield>
    <subfield code="C">024</subfield>
  </datafield>
  <datafield tag="GKT" ind1="2" ind2=" ">
    <subfield code="a">Epubli</subfield>
    <subfield code="g">Berlin</subfield>
    <subfield code="A">GND</subfield>
    <subfield code="B">GND-106492235X</subfield>
    <subfield code="C">410</subfield>
  </datafield>
  <datafield tag="GKT" ind1="2" ind2=" ">
    <subfield code="a">Neopubli GmbH</subfield>
    <subfield code="A">GND</subfield>
    <subfield code="B">GND-106492235X</subfield>
    <subfield code="C">410</subfield>
  </datafield>
  <datafield tag="GSI" ind1="7" ind2=" ">
    <subfield code="a">106492235X</subfield>
    <subfield code="0">http://d-nb.info/gnd/106492235X</subfield>
    <subfield code="2">gnd</subfield>
    <subfield code="A">GND</subfield>
    <subfield code="B">GND-106492235X</subfield>
    <subfield code="C">024</subfield>
  </datafield>
</record>
